<?xml version="1.0" encoding="UTF-8"?><collection xmlns="http://www.loc.gov/MARC21/slim"><record><leader>00543nam--2200169-i-4500</leader><controlfield tag="001">000023432</controlfield><controlfield tag="002">20161230</controlfield><controlfield tag="005">20161230201035</controlfield><controlfield tag="008">060222s1000------------r-----000-0-eng-d</controlfield><datafield ind1=" " ind2=" " tag="040"><subfield code="a">IFIN-HH</subfield></datafield><datafield ind1=" " ind2=" " tag="080"><subfield code="a">523.2(061.3)</subfield></datafield><datafield ind1="1" ind2=" " tag="100"><subfield code="a">Giacaglia, G.E.O</subfield></datafield><datafield ind1="1" ind2="0" tag="245"><subfield code="a">Periodic orbits, stability and resonances</subfield><subfield code="b">Proceedings of a symposium sao paulo, brasil 4-12 september, 1969</subfield><subfield code="c">G.e.o. giacaglia (ed.)</subfield></datafield><datafield ind1=" " ind2=" " tag="260"><subfield code="a">Dordrecht-holland</subfield><subfield code="b">D.Reidel Publishing Company</subfield><subfield code="c">1970</subfield></datafield><datafield ind1=" " ind2=" " tag="300"><subfield code="a">XIV+530P</subfield></datafield><datafield ind1=" " ind2=" " tag="852"><subfield code="a">41956</subfield><subfield code="c">523</subfield></datafield><datafield ind1=" " ind2=" " tag="CAT"><subfield code="a">Sys</subfield><subfield code="c">20130829</subfield><subfield code="h">143241</subfield></datafield></record></collection>